<Doc xmlns:gs2="http://www.greenstone.org/gs2" file="HASH7c57\5f57a57c\fb45ab00\33s21.dir\doc.xml"  gs2:docOID="HASH7c575f57a57cfb45ab0033s21" gs2:mode="add">

<Sec  gs2:docOID="HASH7c575f57a57cfb45ab0033s21" gs2:mode="add">
&lt;pre&gt;
 LDR 01193cjm  22003134a 4500
001     12955415
005     20030502071303.0
007     sd bumennmplue
008     021002s1980    caurcn              eng  
906    _a 7
       _b cbc
       _c origcop
       _d 4
       _e ncip
       _f 20
       _g y-soundrec
925 0  _a acquire
       _b 1 shelf copy
       _x policy default
955    _a vz03 2002-10-02
       _i vz03 2002-10-02
       _e vz03 2002-10-02
010    _a   2002600493
040    _a DLC
       _c DLC
       _d DLC
042    _a pcc
050 00 _a LPA 98955-LPA 98958
245 00 _a Beatles special
       _h [sound recording].
260    _a [Los Angeles] :
       _b American Forces Radio and Television Service,
       _c [1980]
300    _a 4 sound discs :
       _b analog, 33 1/3 rpm ;
       _c 12 in.
500    _a Music of the Beatles; includes interviews and
 biographical information.
511 0  _a Bob Eubanks, host; Beatles, performers.
500    _a AFRTS edition of a commercial radio program; contains
 information spot announcements.
500    _a Duration: 55:00 per disc.
650  0 _a Rock music.
610 20 _a Beatles.
700 1  _a Eubanks, Bob.
       _4 hst
710 2  _a Beatles.
       _4 prf
710 1  _a United States.
       _b American Forces Radio and Television Service.
710 2  _a AFRTS Collection (Library of Congress)
       _5 DLC
&lt;/pre&gt;
 
</Sec>


</Doc>
